<record><leader>00000cas a22000007i 4500</leader><controlfield tag="001">899267139</controlfield><controlfield tag="008">150107d18631865mouwr n       0   b0cze  </controlfield><datafield ind1=" " ind2=" " tag="010"><subfield code="a">  2015200252</subfield></datafield><datafield ind1=" " ind2=" " tag="040"><subfield code="a">DLC</subfield><subfield code="e">rda</subfield><subfield code="c">DLC</subfield><subfield code="b">eng</subfield><subfield code="d">DLC</subfield></datafield><datafield ind1=" " ind2=" " tag="012"><subfield code="l">1</subfield></datafield><datafield ind1="0" ind2=" " tag="022"><subfield code="a">2376-8916</subfield><subfield code="2">1</subfield></datafield><datafield ind1=" " ind2=" " tag="042"><subfield code="a">nsdp</subfield><subfield code="a">pcc</subfield></datafield><datafield ind1="1" ind2="0" tag="050"><subfield code="a">ISSN RECORD</subfield></datafield><datafield ind1="1" ind2="0" tag="082"><subfield code="a">070</subfield><subfield code="2">15</subfield></datafield><datafield ind1=" " ind2="0" tag="222"><subfield code="a">Pozor</subfield><subfield code="b">(Saint Louis, Mo.)</subfield></datafield><datafield ind1="0" ind2="0" tag="245"><subfield code="a">Pozor.</subfield></datafield><datafield ind1=" " ind2="1" tag="264"><subfield code="a">St. Louis, Mo. :</subfield><subfield code="b">Alis &amp; Peshek,</subfield><subfield code="c">1863-1865.</subfield></datafield><datafield ind1=" " ind2=" " tag="310"><subfield code="a">Weekly</subfield></datafield><datafield ind1=" " ind2=" " tag="336"><subfield code="a">text</subfield><subfield code="b">txt</subfield><subfield code="2">rdacontent</subfield></datafield><datafield ind1=" " ind2=" " tag="337"><subfield code="a">unmediated</subfield><subfield code="b">n</subfield><subfield code="2">rdamedia</subfield></datafield><datafield ind1=" " ind2=" " tag="338"><subfield code="a">volume</subfield><subfield code="b">nc</subfield><subfield code="2">rdacarrier</subfield></datafield><datafield ind1="1" ind2=" " tag="362"><subfield code="a">Began with Roc&#780;nik 1, C&#780;islo 1 (Rijna 17, 1863); ceased in 1865?</subfield></datafield><datafield ind1=" " ind2=" " tag="500"><subfield code="a">"Nove&#769; obeanske&#769; noviny."</subfield></datafield><datafield ind1=" " ind2=" " tag="588"><subfield code="a">Description based on Roc&#780;nik 1, C&#780;islo 3 (Rijna 31, 1863) (surrogate); title from caption.</subfield></datafield><datafield ind1=" " ind2=" " tag="588"><subfield code="a">Latest issue consulted: Roc&#780;nik 1, C&#780;islo 3 (Rijna 31, 1863) (surrogate).</subfield></datafield><datafield ind1="0" ind2="0" tag="785"><subfield code="t">Pozor Americky&#769;</subfield><subfield code="x">2376-8959</subfield><subfield code="w">(DLC)  2015200253</subfield><subfield code="w">(OCoLC)899268744</subfield></datafield></record>